@manual{schwab2016fourth,
  doi = {10.25073/0866-773x/97},
  url = {https://doi.org/10.25073%2F0866-773x%2F97},
  year = 2018,
  month = {sep},
  publisher = {Vietnam National University Journal of Science},
  number = {23},
  author = {Klaus Schwab},
  title={{THE} {FOURTH} {INDUSTRIAL} {REVOLUTION} ({INDUSTRY} 4.0) A {SOCIAL} {INNOVATION} {PERSPECTIVE}},
  journal = {Tạp chi Nghien cứu dan tộc},
  booktitle={Journal of Ethnic Minorities Research}
}

